<?xml version="1.0" encoding="UTF-8"?><collection xmlns="http://www.loc.gov/MARC21/slim"><record><leader>00590nam--2200205-i-4500</leader><controlfield tag="001">000004121</controlfield><controlfield tag="002">20161230</controlfield><controlfield tag="005">20161230201025</controlfield><controlfield tag="008">060222s1000------------r-----000-0-fre-d</controlfield><datafield ind1=" " ind2=" " tag="040"><subfield code="a">IFIN-HH</subfield></datafield><datafield ind1=" " ind2=" " tag="041"><subfield code="a">fre</subfield></datafield><datafield ind1=" " ind2=" " tag="080"><subfield code="a">535</subfield></datafield><datafield ind1="1" ind2=" " tag="100"><subfield code="a">Bruhat, G</subfield></datafield><datafield ind1="1" ind2="0" tag="245"><subfield code="a">Optique</subfield><subfield code="b">Cours de physique generale a l'usage de l'enseignement superieur scientifique et technique</subfield><subfield code="c">G. bruhat</subfield></datafield><datafield ind1=" " ind2=" " tag="250"><subfield code="a">3e Edition (2e Tirage)</subfield></datafield><datafield ind1=" " ind2=" " tag="260"><subfield code="a">Paris</subfield><subfield code="b">Masson &amp; C-ie, Editeurs</subfield><subfield code="c">1947</subfield></datafield><datafield ind1=" " ind2=" " tag="300"><subfield code="a">X + 776 P</subfield></datafield><datafield ind1=" " ind2=" " tag="490"><subfield code="a">Cours De Physique Generale</subfield></datafield><datafield ind1=" " ind2=" " tag="852"><subfield code="a">514</subfield><subfield code="c">535</subfield></datafield><datafield ind1=" " ind2=" " tag="CAT"><subfield code="a">Sys</subfield><subfield code="c">20101014</subfield><subfield code="h">133043</subfield></datafield></record></collection>